<?xml version='1.0' encoding='utf-8'?>
<record xmlns="http://www.loc.gov/MARC21/slim" xmlns:xsi="http://www.w3.org/2001/XMLSchema-instance">
  <leader>00000nicaa2200265^a^4500</leader>
  <controlfield tag="001">005939993</controlfield>
  <controlfield tag="005">20090223153512.0</controlfield>
  <controlfield tag="007">sd^duscnnmslne</controlfield>
  <controlfield tag="008">090220s1956^^^^xxuuunn^^^^^^^^z^^n^eng^d</controlfield>
  <datafield tag="028" ind1="0" ind2="2">
    <subfield code="a">ZPAC-8972--ZPAC-8973</subfield>
    <subfield code="b">Columbia</subfield>
  </datafield>
  <datafield tag="035" ind1=" " ind2=" ">
    <subfield code="a">(OCoLC)310115114</subfield>
  </datafield>
  <datafield tag="035" ind1=" " ind2=" ">
    <subfield code="a">(OCoLC)ocn310115114</subfield>
  </datafield>
  <datafield tag="040" ind1=" " ind2=" ">
    <subfield code="a">BEU</subfield>
    <subfield code="c">BEU</subfield>
  </datafield>
  <datafield tag="049" ind1=" " ind2=" ">
    <subfield code="a">BEUA</subfield>
  </datafield>
  <datafield tag="245" ind1="0" ind2="4">
    <subfield code="a">The '57 Ford theme song</subfield>
    <subfield code="h">[sound recording] :</subfield>
    <subfield code="b">The '57 Ford story /</subfield>
    <subfield code="c">Ford Division, Ford Motor Company presents ; produced by Wilding Picture Productions, Inc.</subfield>
  </datafield>
  <datafield tag="246" ind1="3" ind2="0">
    <subfield code="a">'57 Ford story</subfield>
  </datafield>
  <datafield tag="260" ind1=" " ind2=" ">
    <subfield code="a">[S.l.] :</subfield>
    <subfield code="b">Columbia,</subfield>
    <subfield code="c">[1956?]</subfield>
  </datafield>
  <datafield tag="300" ind1=" " ind2=" ">
    <subfield code="a">1 sound disc :</subfield>
    <subfield code="b">78 rpm ;</subfield>
    <subfield code="c">7 in.</subfield>
  </datafield>
  <datafield tag="500" ind1=" " ind2=" ">
    <subfield code="a">Durations: 3 min. ; 3 min.</subfield>
  </datafield>
  <datafield tag="500" ind1=" " ind2=" ">
    <subfield code="a">"Vol. 57, C3-LR."</subfield>
  </datafield>
  <datafield tag="650" ind1=" " ind2="0">
    <subfield code="a">Ford automobile</subfield>
    <subfield code="v">Songs and music.</subfield>
  </datafield>
  <datafield tag="710" ind1="2" ind2=" ">
    <subfield code="a">Ford Motor Company.</subfield>
    <subfield code="b">Ford Division.</subfield>
  </datafield>
  <datafield tag="710" ind1="2" ind2=" ">
    <subfield code="a">Wilding Picture Productions.</subfield>
  </datafield>
  <datafield tag="852" ind1="8" ind2=" ">
    <subfield code="a">MiU-H</subfield>
    <subfield code="b">BENT</subfield>
    <subfield code="h">2009022 Aa 2</subfield>
  </datafield>
  <datafield tag="997" ind1=" " ind2=" ">
    <subfield code="a">MARS</subfield>
  </datafield>
  <datafield tag="998" ind1=" " ind2=" ">
    <subfield code="c">LAC</subfield>
  </datafield>
  <datafield tag="955" ind1=" " ind2=" ">
    <subfield code="b">BENT</subfield>
    <subfield code="p">B3339624</subfield>
  </datafield>
</record>
